@article{bib:gyro,
      author         = "Afach, S. and others",
      title          = "{A measurement of the neutron to $^{199}$Hg magnetic
                        moment ratio}",
      journal        = "Phys. Lett.",
      volume         = "B739",
      year           = "2014",
      pages          = "128-132",
      doi            = "10.1016/j.physletb.2014.10.046",
      eprint         = "1410.8259",
      archivePrefix  = "arXiv",
      primaryClass   = "nucl-ex",
      SLACcitation   = "%%CITATION = ARXIV:1410.8259;%%"
}

@article{bib:green,
      author         = "Green, K. and Harris, P. G. and Iaydjiev, P. and May, D.
                        J. R. and Pendlebury, J. M. and Smith, K. F. and van der
                        Grinten, M. and Geltenbort, P. and Ivanov, S.",
      title          = "{Performance of an atomic mercury magnetometer in the
                        neutron EDM experiment}",
      journal        = "Nucl. Instrum. Meth.",
      volume         = "A404",
      year           = "1998",
      pages          = "381-393",
      doi            = "10.1016/S0168-9002(97)01121-2",
      SLACcitation   = "%%CITATION = NUIMA,A404,381;%%"
}

@article{bib:hgbetter,
      author         = "Ban, G. and others",
      title          = "{Demonstration of sensitivity increase in mercury
                        free-spin-precession magnetometers due to laser-based
                        readout for neutron electric dipole moment searches}",
      journal        = "Nucl. Instrum. Meth.",
      volume         = "A896",
      year           = "2018",
      pages          = "129-138",
      doi            = "10.1016/j.nima.2018.04.025",
      eprint         = "1804.05838",
      archivePrefix  = "arXiv",
      primaryClass   = "physics.ins-det",
      SLACcitation   = "%%CITATION = ARXIV:1804.05838;%%"
}
@article{bib:ramsey,
  title = {A Molecular Beam Resonance Method with Separated Oscillating Fields},
  author = {Ramsey, Norman F.},
  journal = {Phys. Rev.},
  volume = {78},
  issue = {6},
  pages = {695--699},
  numpages = {0},
  year = {1950},
  month = {Jun}
}
@article{bib:vectormagnetometer,
  title = {All-Optical Vector Atomic Magnetometer},
  author = {Patton, B. and Zhivun, E. and Hovde, D. C. and Budker, D.},
  journal = {Phys. Rev. Lett.},
  volume = {113},
  pages = {013001},
  numpages = {5},
  year = {2014},
  month = {Jul},
  publisher = {American Physical Society},
  doi = {10.1103/PhysRevLett.113.013001}
}





@article{bib:NMOR1998,
author = {Budker,Dmitry  and Orlando,Donald J.  and Yashchuk,Valeriy },
title = {Nonlinear laser spectroscopy and magneto-optics},
journal = {American Journal of Physics},
volume = {67},
number = {7},
pages = {584-592},
year = {1999},
doi = {10.1119/1.19328},

URL = { 
        https://doi.org/10.1119/1.19328
    
}
}


@article{bib:AMNMOR,
author = {Pustelny, Szymon and Wojciechowski, Adam and Gring, M and Kotyrba, M and Zachorowski, Jerzy and Wojciech, Gawlik},
year = {2007},
month = {08},
title = {Magnetometry Based on Nonlinear Magneto-Optical Rotation with Amplitude-Modulated Light},
volume = {103},
booktitle = {Journal of Applied Physics}
}
@article{bib:amNMOR,
author = {Pustelny, Szymon and Wojciechowski, Adam and Kotyrba, Mateusz and Sycza, K and Zachorowski, Jerzy and Wojciech, Gawlik and Cingoz, Arman and Leefer, Nathan and Higbie, James and Corsini, Eric and Ledbetter, M and Rochester, Simon and O. Sushkov, Alexander and Budker, Dmitry},
year = {2006},
month = {10},
pages = {},
title = {All-optical atomic magnetometers based on nonlinear magneto-optical rotation with amplitude modulated light},
volume = {6604}
}
@article{bib:FMNMOR,
author = {Budker, Dmitry and F. Kimball, D and Yashchuk, Valeriy and Zolotorev, Max},
year = {2002},
month = {01},
pages = {},
title = {Nonlinear magneto-optical rotation with frequency-modulated light},
volume = {65},
booktitle = {Physical Review A}
}
@article{bib:sensitivemagnetometry,
author = {Budker, Dmitry and F. Kimball, D and Rochester, Simon and Yashchuk, Valeriy and Zolotorev, Max},
year = {2000},
month = {09},
pages = {},
title = {Sensitive magnetometry based on nonlinear magneto-optical rotation},
volume = {55},
booktitle = {Physical Review A}
}
@article{bib:Budker_2006,
author = {Higbie,J. M.  and Corsini,E.  and Budker,D. },
title = {Robust, high-speed, all-optical atomic magnetometer},
journal = {Review of Scientific Instruments},
volume = {77},
number = {11},
pages = {113106},
year = {2006},
doi = {10.1063/1.2370597},

URL = { 
        https://doi.org/10.1063/1.2370597
    
},
eprint = { 
        https://doi.org/10.1063/1.2370597
    
}

}




@article{bib:UltranarrowWidths,
  title = {Nonlinear Magneto-optic Effects with Ultranarrow Widths},
  author = {Budker, Dmitry and Yashchuk, Valeriy and Zolotorev, Max},
  journal = {Phys. Rev. Lett.},
  volume = {81},
  issue = {26},
  pages = {5788--5791},
  numpages = {0},
  year = {1998},
  month = {Dec},
  publisher = {American Physical Society},
  doi = {10.1103/PhysRevLett.81.5788},
  url = {https://link.aps.org/doi/10.1103/PhysRevLett.81.5788}
}

@article{bib:morrissey,
      author         = "Morrissey, David E. and Ramsey-Musolf, Michael J.",
      title          = "{Electroweak baryogenesis}",
      journal        = "New J. Phys.",
      volume         = "14",
      year           = "2012",
      pages          = "125003",
      archivePrefix  = "arXiv",
      primaryClass   = "hep-ph",
      reportNumber   = "NPAC-12-08",
      SLACcitation   = "%%CITATION = ARXIV:1206.2942;%%"
}


@article{bib:pospelov,
      author         = "Pospelov, Maxim and Ritz, Adam",
      title          = "{Electric dipole moments as probes of new physics}",
      journal        = "Annals Phys.",
      volume         = "318",
      year           = "2005",
      pages          = "119-169",
      doi            = "10.1016/j.aop.2005.04.002",
      eprint         = "hep-ph/0504231",
      archivePrefix  = "arXiv",
      primaryClass   = "hep-ph",
      SLACcitation   = "%%CITATION = HEP-PH/0504231;%%"
}


@misc{ wiki:xxx,
    author = "{Wikipedia contributors}",
    title = "Acousto-optic modulator --- {Wikipedia}{,} The Free Encyclopedia",
    year = "2018",
    url = "https://en.wikipedia.org/w/index.php?title=Acousto-optic_modulator&oldid=852284979",
    note = "[Online; accessed 10-September-2018]"
  }
% @misc{ wiki:yyy,
%    author = "{Wikipedia contributors}",
%    title = "Neutron_electric_dipole_moment --- {Wikipedia}{,} The Free Encyclopedia",
%    year = "2018",
%    url = "https://en.wikipedia.org/wiki/Neutron_electric_dipole_moment",
%    note = "[Online; accessed 10-September-2018]"
%  } 
  
 @MISC{doe:website,
      AUTHOR = " V. V. Yashchuk, S.-K. Lee, and E. Paperno",
      TITLE = " Magnetic Shielding ",
      NOTE = "\url{
http://www.ee.bgu.ac.il}"
} 
@book{lawrence2013optical,
  title={Optical Atomic Magnetometer},
  author={Lawrence Berkeley National Laboratory and United States. Department of Energy and United States. Department of Energy. Office of Scientific and Technical Information},
  publisher={United States. Department of Energy.}
}

@book{auzinsh2010optically,
  title={Optically Polarized Atoms: Understanding Light-atom Interactions},
  author={Auzinsh, M. and Budker, D. and Rochester, S.},
  isbn={9780199565122},
  lccn={2010513974},
  year={2010}
}

@book{budker2013optical,
  title={Optical Magnetometry},
  author={Budker, D. and Kimball, D.F.J.},
  isbn={9781107010352},
  lccn={2012038087},
  series={Optical Magnetometry},
  year={2013}
}

@article{PhysRevA.62.043403,
  title = {Sensitive magnetometry based on nonlinear magneto-optical rotation},
  author = {Budker, D. and Kimball, D. F. and Rochester, S. M. and Yashchuk, V. V. and Zolotorev, M.},
  journal = {Phys. Rev. A},
  volume = {62},
  issue = {4},
  pages = {043403},
  numpages = {7},
  year = {2000},
  month = {Sep}
}

@article{PhysRev.147.41,
  title = {Relaxation of Optically Pumped Rb Atoms on Paraffin-Coated Walls},
  author = {Bouchiat, M. A. and Brossel, J.},
  journal = {Phys. Rev.},
  volume = {147},
  issue = {1},
  pages = {41--54},
  numpages = {0},
  year = {1966},
  month = {Jul}
}


@article{doi:10.1063/1.93279,
author = {Robinson,H. G.  and Johnson,C. E. },
title = {Narrow 87Rb hyperfine‐structure resonances in an evacuated wall‐coated cell},
journal = {Applied Physics Letters},
volume = {40},
number = {9},
pages = {771-773},
year = {1982}
}

@article{Balabas:10,
author = {M. V. Balabas and K. Jensen and W. Wasilewski and H. Krauter and L. S. Madsen and J. H. M\"{u}ller and T. Fernholz and E. S. Polzik},
journal = {Opt. Express},
keywords = {Organic materials; Fluctuations, relaxations, and noise; Absorption spectroscopy; Light intensity; Linewidth; Magnetic fields; Quantum optics; Raman spectroscopy},
number = {6},
title = {High quality anti-relaxation coating material for alkali atom vapor cells},
volume = {18},
month = {Mar},
year = {2010}
}

@article{bib:amplitude_modulation,
author = {Gawlik,W.  and Krzemień,L.  and Pustelny,S.  and Sangla,D.  and Zachorowski,J.  and Graf,M.  and Sushkov,A. O.  and Budker,D. },
title = {Nonlinear magneto-optical rotation with amplitude modulated light},
journal = {Applied Physics Letters},
volume = {88},
number = {13},
year = {2006}
}

@article{doi:10.1063/1.3225917,
author = {Kimball,D. F. Jackson  and Jacome,L. R.  and Guttikonda,Srikanth  and Bahr,Eric J.  and Chan,Lok Fai },
title = {Magnetometric sensitivity optimization for nonlinear optical rotation with frequency-modulated light: Rubidium D2 line},
journal = {Journal of Applied Physics},
volume = {106},
number = {6},
year = {2009}
}

@article{PhysRevA.79.012902,
  title = {Controlling atomic vapor density in paraffin-coated cells using light-induced atomic desorption},
  author = {Karaulanov, T. and Graf, M. T. and English, D. and Rochester, S. M. and Rosen, Y. J. and Tsigutkin, K. and Budker, D. and Alexandrov, E. B. and Balabas, M. V. and Kimball, D. F. Jackson and Narducci, F. A. and Pustelny, S. and Yashchuk, V. V.},
  journal = {Phys. Rev. A},
  volume = {79},
  issue = {1},
  numpages = {9},
  year = {2009},
  month = {Jan}
}

@article{doi:10.1063/1.3568824,
author = {Lee,Changmin  and Iwata,G. Z.  and Corsini,E.  and Higbie,J. M.  and Knappe,S.  and Ledbetter,M. P.  and Budker,D. },
title = {Small-sized dichroic atomic vapor laser lock},
journal = {Review of Scientific Instruments},
volume = {82},
number = {4},
pages = {043107},
year = {2011}
}
@MISC{doe:website,
      AUTHOR = "Daniel A. Steck",
      TITLE = "Rubidium 87 D Line Data",
      MONTH = "September",
      YEAR = 2001,
      NOTE = "\url{https://steck.us/alkalidata/rubidium87numbers.1.6.pdf}"
}
@MISC{doe:website2,
      AUTHOR = "Michael Loren Lang",
      TITLE ="Development of Active Magnetic Shielding
for the Neutron Electric Dipole Moment Experiment at TRIUMF",
      MONTH = "January",
      YEAR = 2014,
      NOTE = "\url{https://mspace.lib.umanitoba.ca/xmlui/handle/1993/23223}"
}
@MASTERSTHESIS{mythesis,
  AUTHOR =       {Michael Sturm},
  TITLE =        {Measurements and characterization
of a laser-based
Cs-atomic magnetometer},
  YEAR =         {2013},
  month =        {October}
  }
@MASTERSTHESIS{bib:Seltzer_thesis,
  AUTHOR =       {Scott Jeffrey Seltzer},
  TITLE =        {Developments in Alkali-Metal
Atomic Magnetometry},
  YEAR =         {2008},
  month =        {November}
  }
@inproceedings{bib:Budker2002,
  title={Jun 2002 Resonant nonlinear magneto-optical effects in atoms},
  author={Dmitry Budker and Wojciech Gawlik and Derek F. Jackson Kimball and Simon M. Rochester and Valeriy V. Yashchuk},
  year={2002}
}
@article{Martin:2014foa,
      author         = "Martin, Jeffery W. and Mammei, Russell R. and Klassen,
                        Wolfgang and Cerasani, Cameron and Andalib, Taraneh and
                        Bidinosti, Christopher P. and Lang, Michael and Ostapchuk,
                        David",
      title          = "{Large Magnetic Shielding Factor Measured by Nonlinear
                        Magneto-optical Rotation}",
      journal        = "Nucl. Instrum. Meth.",
      volume         = "A778",
      year           = "2015",
      archivePrefix  = "arXiv",
      SLACcitation   = "%%CITATION = ARXIV:1411.1962;%%"
}
@article{Andalib:2016ahj,
      author         = "Andalib, T. and Martin, J. W. and Bidinosti, C. P. and
                        Mammei, R. R. and Jamieson, B. and Lang, M. and Kikawa,
                        T.",
      title          = "{Sensitivity of Fields Generated within Magnetically
                        Shielded Volumes to Changes in Magnetic Permeability}",
      journal        = "Nucl. Instrum. Meth.",
      volume         = "A867",
      year           = "2017",
      pages          = "139-147",
      eprint         = "1612.06047",
      archivePrefix  = "arXiv"
}
@article{PhysRevA.72.023401,
  title = {Relaxation of atomic polarization in paraffin-coated cesium vapor cells},
  author = {Graf, M. T. and Kimball, D. F. and Rochester, S. M. and Kerner, K. and Wong, C. and Budker, D. and Alexandrov, E. B. and Balabas, M. V. and Yashchuk, V. V.},
  journal = {Phys. Rev. A},
  volume = {72},
  issue = {2},
  pages = {023401},
  numpages = {13},
  year = {2005},
  month = {Aug}
}
@article{PhysRevA.74.063420,
  title = {Nonlinear magneto-optical rotation with modulated light in tilted magnetic fields},
  author = {Pustelny, S. and Gawlik, W. and Rochester, S. M. and Kimball, D. F. Jackson and Yashchuk, V. V. and Budker, D.},
  journal = {Phys. Rev. A},
  volume = {74},
  year = {2006},
  month = {Dec}
}
@article{PhysRevA.62.043403,
  title = {Sensitive magnetometry based on nonlinear magneto-optical rotation},
  author = {Budker, D. and Kimball, D. F. and Rochester, S. M. and Yashchuk, V. V. and Zolotorev, M.},
  journal = {Phys. Rev. A},
  volume = {62},
  issue = {4},
  pages = {043403},
  numpages = {7},
  year = {2000},
  month = {Sep}
}
@article{gawlikoptical,
  title={Optical Atomic Magnetometry--the Most Sensitive Magnetic Fields Measurements},
  author={Gawlik, Wojciech and Pustelny, Szymon}
}
@article{PhysRevLett.6.280,
  title = {Optically Driven Spin Precession},
  author = {Bell, William E. and Bloom, Arnold L.},
  journal = {Phys. Rev. Lett.},
  volume = {6},
  issue = {6},
  pages = {280--281},
  numpages = {0},
  year = {1961},
  month = {Mar}
}
 @MISC{doe:website2,
      AUTHOR = " T. Andalib, J.W. Martin",
      TITLE = " Allan Deviation: Denition and Theoretical Forms",
      year = "2016"     
} 
@book{bib:Philip2008,
  title={Building Electro-optical  System: Making it all Work},
  author={Philip C.D. Hobbs},
  isbn={9780470402290},
  year={2008}
}
@article{doi:10.1063/1.3236649,
author = {Seltzer,S. J.  and Romalis,M. V. },
title = {High-temperature alkali vapor cells with antirelaxation surface coatings},
journal = {Journal of Applied Physics},
volume = {106},
number = {11},
pages = {114905},
year = {2009}
}
@BOOK{principles,
  TITLE = {Building Electro-Optical Systems},
  SUBTITLE = {Making It ALL Work},
  AUTHOR = {Hobbs, Philip C. D.},
  YEAR = {2008},
  ISBN = {9780470402290},
  PUBLISHER = {Wiley}
}
@article{doi:10.1063/1.2713433,
author = {Thiel,F.  and Schnabel,A.  and Knappe-Grüneberg,S.  and Stollfuß,D.  and Burghoff,M. },
title = {Demagnetization of magnetically shielded rooms},
journal = {Review of Scientific Instruments},
volume = {78},
number = {3},
pages = {035106},
year = {2007}
}
@article{PhysRev.107.1559,
  title = {Optical Detection of Magnetic Resonance in Alkali Metal Vapor},
  author = {Bell, William E. and Bloom, Arnold L.},
  journal = {Phys. Rev.},
  volume = {107},
  issue = {6},
  pages = {1559--1565},
  numpages = {0},
  year = {1957},
  month = {Sep}
}

@article{bib:baker,
  title = {Improved Experimental Limit on the Electric Dipole Moment of the Neutron},
  author = {Baker, C. A. and Doyle, D. D. and Geltenbort, P. and Green, K. and van der Grinten, M. G. D. and Harris, P. G. and Iaydjiev, P. and Ivanov, S. N. and May, D. J. R. and Pendlebury, J. M. and Richardson, J. D. and Shiers, D. and Smith, K. F.},
  journal = {Phys. Rev. Lett.},
  volume = {97},
  issue = {13},
  pages = {131801},
  numpages = {4},
  year = {2006},
  month = {Sep}
}
@article{PhysRevLett.10.531,
  title = {Unitary Symmetry and Leptonic Decays},
  author = {Cabibbo, Nicola},
  journal = {Phys. Rev. Lett.},
  volume = {10},
  issue = {12},
  pages = {531--533},
  numpages = {0},
  year = {1963},
  month = {Jun}
}
@article{PhysRevLett.82.904,
  title = {New Experimental Limit on the Electric Dipole Moment of the Neutron},
  author = {Harris, P. G. and Baker, C. A. and Green, K. and Iaydjiev, P. and Ivanov, S. and May, D. J. R. and Pendlebury, J. M. and Shiers, D. and Smith, K. F. and van der Grinten, M. and Geltenbort, P.},
  journal = {Phys. Rev. Lett.},
  volume = {82},
  issue = {5},
  pages = {904--907},
  numpages = {0},
  year = {1999},
  month = {Feb}
}
@article{PhysRev.108.120,
  title = {Experimental Limit to the Electric Dipole Moment of the Neutron},
  author = {Smith, J. H. and Purcell, E. M. and Ramsey, N. F.},
  journal = {Phys. Rev.},
  volume = {108},
  issue = {1},
  pages = {120--122},
  numpages = {0},
  year = {1957},
  month = {Oct}
  }
@article{bib:pendlebury-revised,
  title = {Revised experimental upper limit on the electric dipole moment of the neutron},
  author = {Pendlebury, J. M. and Afach, S. and Ayres, N. J. and Baker, C. A. and Ban, G. and Bison, G. and Bodek, K. and Burghoff, M. and Geltenbort, P. and Green, K. and Griffith, W. C. and van der Grinten, M. and Gruji\ifmmode \acute{c}\else \'{c}\fi{}, Z. D. and Harris, P. G. and H\'elaine, V. and Iaydjiev, P. and Ivanov, S. N. and Kasprzak, M. and Kermaidic, Y. and Kirch, K. and Koch, H.-C. and Komposch, S. and Kozela, A. and Krempel, J. and Lauss, B. and Lefort, T. and Lemi\`ere, Y. and May, D. J. R. and Musgrave, M. and Naviliat-Cuncic, O. and Piegsa, F. M. and Pignol, G. and Prashanth, P. N. and Qu\'em\'ener, G. and Rawlik, M. and Rebreyend, D. and Richardson, J. D. and Ries, D. and Roccia, S. and Rozpedzik, D. and Schnabel, A. and Schmidt-Wellenburg, P. and Severijns, N. and Shiers, D. and Thorne, J. A. and Weis, A. and Winston, O. J. and Wursten, E. and Zejma, J. and Zsigmond, G.},
  journal = {Phys. Rev. D},
  volume = {92},
  issue = {9},
  pages = {092003},
  numpages = {22},
  year = {2015},
  month = {Nov}
}
@article{bib:active-compensation,
  TITLE = {{Dynamic stabilization of the magnetic field surrounding the neutron electric dipole moment spectrometer at the Paul Scherrer Institute}},
  AUTHOR = {Afach, S. and Bison, G. and Bodek, K. and Burri, F. and Chowdhuri, Z. and Daum, M. and Fertl, M. and Franke, B. and Grujic, Z. and Helaine, V. and Henneck, R. and Kasprzak, M. and Kirch, K. and Koch, H. -C. and Kozela, A. and Krempel, J. and Lauss, B. and Lefort, T. and Lemi{\`e}re, Y. and Meier, M. and Naviliat-Cuncic, O. and Piegsa, F. M. and Pignol, G. and Plonka-Spehr, C. and Prashanth, P. N. and Qu{\'e}m{\'e}ner, G. and Rebreyend, D. and Roccia, S. and Schmidt-Wellenburg, P. and Schnabel, A. and Severijns, N. and Voigt, J. and Weis, A. and Wyszynski, G. and Zejma, J. and Zenner, J. and Zsigmond, G.},
  JOURNAL = {{Journal of Applied Physics}},
  YEAR = {2014}
}
 
@article{bib:griffith-hgedm,
  title = {Improved Limit on the Permanent Electric Dipole Moment of $^199$Hg},
  author = {Griffith, W. C. and Swallows, M. D. and Loftus, T. H. and Romalis, M. V. and Heckel, B. R. and Fortson, E. N.},
  journal = {Phys. Rev. Lett.},
  volume = {102},
  issue = {10},
  numpages = {4},
  year = {2009},
  month = {Mar}
}


@article{bib:chuppetal,
      author         = "Chupp, Timothy and Fierlinger, Peter and Ramsey-Musolf,
                        Michael and Singh, Jaideep",
      title          = "{Electric Dipole Moments of the Atoms, Molecules, Nuclei
                        and Particles}",
      year           = "2017",
      archivePrefix  = "arXiv",
      primaryClass   = "physics.atom-ph",
      reportNumber   = "ACFI-T17-18",
      SLACcitation   = "%%CITATION = ARXIV:1710.02504;%%"
}
@article{bib:gp1,
  title = {Geometric-phase-induced false electric dipole moment signals for particles in traps},
  author = {Pendlebury, J. M. and Heil, W. and Sobolev, Yu. and Harris, P. G. and Richardson, J. D. and Baskin, R. J. and Doyle, D. D. and Geltenbort, P. and Green, K. and van der Grinten, M. G. D. and Iaydjiev, P. S. and Ivanov, S. N. and May, D. J. R. and Smith, K. F.},
  journal = {Phys. Rev. A},
  volume = {70},
  issue = {3},
  pages = {032102},
  numpages = {20},
  year = {2004},
  month = {Sep}
}
@article{doi:10.1063/1.3491215,
author = {Dang,H. B.  and Maloof,A. C.  and Romalis,M. V. },
title = {Ultrahigh sensitivity magnetic field and magnetization measurements with an atomic magnetometer},
journal = {Applied Physics Letters},
volume = {97},
number = {15},
pages = {151110},
year = {2010}
}
@Article{Groeger2006,
author="Groeger, S.
and Bison, G.
and Schenker, J.-L.
and Wynands, R.
and Weis, A.",
title="A high-sensitivity laser-pumped Mx magnetometer",
journal="The European Physical Journal D - Atomic, Molecular, Optical and Plasma Physics",
year="2006",
month="May",
day="01",
volume="38",
number="2"
}
@ARTICLE{bib:afach2015,
   author = {{Afach}, S. and {Baker}, C.~A. and {Ban}, G. and {Bison}, G. and 
	{Bodek}, K. and {Chowdhuri}, Z. and {Daum}, M. and {Fertl}, M. and 
	{Franke}, B. and {Geltenbort}, P. and {Green}, K. and {van der Grinten}, M.~G.~D. and 
	{Grujic}, Z. and {Harris}, P.~G. and {Heil}, W. and {H{\'e}laine}, V. and 
	{Henneck}, R. and {Horras}, M. and {Iaydjiev}, P. and {Ivanov}, S.~N. and 
	{Kasprzak}, M. and {Kerma{\"i}dic}, Y. and {Kirch}, K. and {Knowles}, P. and 
	{Koch}, H.-C. and {Komposch}, S. and {Kozela}, A. and {Krempel}, J. and 
	{Lauss}, B. and {Lefort}, T. and {Lemi{\`e}re}, Y. and {Mtchedlishvili}, A. and 
	{Naviliat-Cuncic}, O. and {Pendlebury}, J.~M. and {Piegsa}, F.~M. and 
	{Pignol}, G. and {Prashant}, P.~N. and {Qu{\'e}m{\'e}ner}, G. and 
	{Rebreyend}, D. and {Ries}, D. and {Roccia}, S. and {Schmidt-Wellenburg}, P. and 
	{Severijns}, N. and {Weis}, A. and {Wursten}, E. and {Wyszynski}, G. and 
	{Zejma}, J. and {Zenner}, J. and {Zsigmond}, G.},
    title = "{Measurement of a false electric dipole moment signal from $^{199}$Hg atoms exposed to an inhomogeneous magnetic field}",
  journal = {European Physical Journal D},
archivePrefix = "arXiv",
   eprint = {1503.08651},
 primaryClass = "physics.atom-ph",
 keywords = {Atomic Physics},
     year = 2015
}

@article{PhysRevLett.81.5788,
  title = {Nonlinear Magneto-optic Effects with Ultranarrow Widths},
  author = {Budker, Dmitry and Yashchuk, Valeriy and Zolotorev, Max},
  journal = {Phys. Rev. Lett.},
  volume = {81},
  issue = {26},
  pages = {5788--5791},
  numpages = {0},
  year = {1998},
  month = {Dec},
  publisher = {American Physical Society},
  doi = {10.1103/PhysRevLett.81.5788},
  url = {https://link.aps.org/doi/10.1103/PhysRevLett.81.5788}
}
@article{bib:bloch-siegert,
  title = {Magnetic Resonance for Nonrotating Fields},
  author = {Bloch, F. and Siegert, A.},
  journal = {Phys. Rev.},
  volume = {57},
  issue = {6},
  pages = {522--527},
  numpages = {0},
  year = {1940},
  month = {Mar},
  publisher = {American Physical Society},
  doi = {10.1103/PhysRev.57.522},
  url = {https://link.aps.org/doi/10.1103/PhysRev.57.522}
}
@article{MARTIN201561,
title = "Large magnetic shielding factor measured by nonlinear magneto-optical rotation",
journal = "Nuclear Instruments and Methods in Physics Research Section A: Accelerators, Spectrometers, Detectors and Associated Equipment",
year = "2015",
doi = "https://doi.org/10.1016/j.nima.2015.01.003",
url = "http://www.sciencedirect.com/science/article/pii/S0168900215000182",
author = "J.W. Martin and R.R. Mammei and W. Klassen and C. Cerasani and T. Andalib and C.P. Bidinosti and M. Lang and D. Ostapchuk"
}
@article{bib:Bloom_62,
author = {Arnold L. Bloom},
journal = {Appl. Opt.},
number = {1},
pages = {61--68},
publisher = {OSA},
title = {Principles of Operation of the Rubidium VaporMagnetometer},
volume = {1},
month = {Jan},
year = {1962},
url = {http://ao.osa.org/abstract.cfm?URI=ao-1-1-61},
doi = {10.1364/AO.1.000061}
}
