@misc{ wiki:xxx,
    author = "{Wikipedia contributors}",
    title = "Acousto-optic modulator --- {Wikipedia}{,} The Free Encyclopedia",
    year = "2018",
    url = "https://en.wikipedia.org/w/index.php?title=Acousto-optic_modulator&oldid=852284979",
    note = "[Online; accessed 10-September-2018]"
  }
 @MISC{doe:website,
      AUTHOR = " V. V. Yashchuk, S.-K. Lee, and E. Paperno",
      TITLE = " MAGNETIC SHIELDING ",
      NOTE = "\url{
http://www.ee.bgu.ac.il}"
} 
@book{lawrence2013optical,
  title={Optical Atomic Magnetometer},
  author={Lawrence Berkeley National Laboratory and United States. Department of Energy and United States. Department of Energy. Office of Scientific and Technical Information},
  url={https://books.google.ca/books?id=aiZnnQAACAAJ},
  year={2013},
  publisher={United States. Department of Energy.}
}

@book{auzinsh2010optically,
  title={Optically Polarized Atoms: Understanding Light-atom Interactions},
  author={Auzinsh, M. and Budker, D. and Rochester, S.},
  isbn={9780199565122},
  lccn={2010513974},
  year={2010},
  publisher={OUP Oxford}
}

@book{budker2013optical,
  title={Optical Magnetometry},
  author={Budker, D. and Kimball, D.F.J.},
  isbn={9781107010352},
  lccn={2012038087},
  series={Optical Magnetometry},
  year={2013},
 
}

@article{PhysRevA.62.043403,
  title = {Sensitive magnetometry based on nonlinear magneto-optical rotation},
  author = {Budker, D. and Kimball, D. F. and Rochester, S. M. and Yashchuk, V. V. and Zolotorev, M.},
  journal = {Phys. Rev. A},
  volume = {62},
  issue = {4},
  pages = {043403},
  numpages = {7},
  year = {2000},
  month = {Sep},
  publisher = {American Physical Society},
  doi = {10.1103/PhysRevA.62.043403}, 
}
@article{PhysRev.147.41,
  title = {Relaxation of Optically Pumped Rb Atoms on Paraffin-Coated Walls},
  author = {Bouchiat, M. A. and Brossel, J.},
  journal = {Phys. Rev.},
  volume = {147},
  issue = {1},
  pages = {41--54},
  numpages = {0},
  year = {1966},
  month = {Jul},
  publisher = {American Physical Society},
}





@article{doi:10.1063/1.93279,
author = {Robinson,H. G.  and Johnson,C. E. },
title = {Narrow 87Rb hyperfine‐structure resonances in an evacuated wall‐coated cell},
journal = {Applied Physics Letters},
volume = {40},
number = {9},
pages = {771-773},
year = {1982},
doi = {10.1063/1.93279},

URL = { 
        https://doi.org/10.1063/1.93279
    
},
eprint = { 
        https://doi.org/10.1063/1.93279
    
}

}
@article{Balabas:10,
author = {M. V. Balabas and K. Jensen and W. Wasilewski and H. Krauter and L. S. Madsen and J. H. M\"{u}ller and T. Fernholz and E. S. Polzik},
journal = {Opt. Express},
keywords = {Organic materials; Fluctuations, relaxations, and noise; Absorption spectroscopy; Light intensity; Linewidth; Magnetic fields; Quantum optics; Raman spectroscopy},
number = {6},
pages = {5825--5830},
publisher = {OSA},
title = {High quality anti-relaxation coating material for alkali atom vapor cells},
volume = {18},
month = {Mar},
year = {2010},
doi = {10.1364/OE.18.005825},
}

@article{doi:10.1063/1.2190457,
author = {Gawlik,W.  and Krzemień,L.  and Pustelny,S.  and Sangla,D.  and Zachorowski,J.  and Graf,M.  and Sushkov,A. O.  and Budker,D. },
title = {Nonlinear magneto-optical rotation with amplitude modulated light},
journal = {Applied Physics Letters},
volume = {88},
number = {13},
pages = {131108},
year = {2006},
doi = {10.1063/1.2190457},

URL = { 
        https://doi.org/10.1063/1.2190457
    
}, 
}

@article{doi:10.1063/1.3225917,
author = {Kimball,D. F. Jackson  and Jacome,L. R.  and Guttikonda,Srikanth  and Bahr,Eric J.  and Chan,Lok Fai },
title = {Magnetometric sensitivity optimization for nonlinear optical rotation with frequency-modulated light: Rubidium D2 line},
journal = {Journal of Applied Physics},
volume = {106},
number = {6},
pages = {063113},
year = {2009},
}

@article{PhysRevA.79.012902,
  title = {Controlling atomic vapor density in paraffin-coated cells using light-induced atomic desorption},
  author = {Karaulanov, T. and Graf, M. T. and English, D. and Rochester, S. M. and Rosen, Y. J. and Tsigutkin, K. and Budker, D. and Alexandrov, E. B. and Balabas, M. V. and Kimball, D. F. Jackson and Narducci, F. A. and Pustelny, S. and Yashchuk, V. V.},
  journal = {Phys. Rev. A},
  volume = {79},
  issue = {1},
  pages = {012902},
  numpages = {9},
  year = {2009},
  month = {Jan},
  publisher = {American Physical Society},
}

@article{doi:10.1063/1.3568824,
author = {Lee,Changmin  and Iwata,G. Z.  and Corsini,E.  and Higbie,J. M.  and Knappe,S.  and Ledbetter,M. P.  and Budker,D. },
title = {Small-sized dichroic atomic vapor laser lock},
journal = {Review of Scientific Instruments},
volume = {82},
number = {4},
pages = {043107},
year = {2011},
}
@MISC{doe:website,
      AUTHOR = "Daniel A. Steck",
      TITLE = "Rubidium 87 D Line Data",
      MONTH = September,
      YEAR = 2001,
      NOTE = "\url{https://steck.us/alkalidata/rubidium87numbers.1.6.pdf}"
}

@inproceedings{Budker2002JU2,
  title={J un 2 00 2 Resonant nonlinear magneto-optical effects in atoms},
  author={Dmitry Budker and Wojciech Gawlik and Derek F. Jackson Kimball and Simon M. Rochester and Valeriy V. Yashchuk},
  year={2002}
}
@article{Martin:2014foa,
      author         = "Martin, Jeffery W. and Mammei, Russell R. and Klassen,
                        Wolfgang and Cerasani, Cameron and Andalib, Taraneh and
                        Bidinosti, Christopher P. and Lang, Michael and Ostapchuk,
                        David",
      title          = "{Large Magnetic Shielding Factor Measured by Nonlinear
                        Magneto-optical Rotation}",
      journal        = "Nucl. Instrum. Meth.",
      volume         = "A778",
      year           = "2015",
      pages          = "61-66",
      eprint         = "1411.1962",
      archivePrefix  = "arXiv",
      SLACcitation   = "%%CITATION = ARXIV:1411.1962;%%"
}
@article{Andalib:2016ahj,
      author         = "Andalib, T. and Martin, J. W. and Bidinosti, C. P. and
                        Mammei, R. R. and Jamieson, B. and Lang, M. and Kikawa,
                        T.",
      title          = "{Sensitivity of Fields Generated within Magnetically
                        Shielded Volumes to Changes in Magnetic Permeability}",
      journal        = "Nucl. Instrum. Meth.",
      volume         = "A867",
      year           = "2017",
      pages          = "139-147",
      eprint         = "1612.06047",
      archivePrefix  = "arXiv",
}
@article{PhysRevA.72.023401,
  title = {Relaxation of atomic polarization in paraffin-coated cesium vapor cells},
  author = {Graf, M. T. and Kimball, D. F. and Rochester, S. M. and Kerner, K. and Wong, C. and Budker, D. and Alexandrov, E. B. and Balabas, M. V. and Yashchuk, V. V.},
  journal = {Phys. Rev. A},
  volume = {72},
  issue = {2},
  pages = {023401},
  numpages = {13},
  year = {2005},
  month = {Aug},
  publisher = {American Physical Society}
}
@article{PhysRevA.74.063420,
  title = {Nonlinear magneto-optical rotation with modulated light in tilted magnetic fields},
  author = {Pustelny, S. and Gawlik, W. and Rochester, S. M. and Kimball, D. F. Jackson and Yashchuk, V. V. and Budker, D.},
  journal = {Phys. Rev. A},
  volume = {74},
  issue = {6},
  pages = {063420},
  numpages = {5},
  year = {2006},
  month = {Dec},
  publisher = {American Physical Society}
}
@article{PhysRevA.62.043403,
  title = {Sensitive magnetometry based on nonlinear magneto-optical rotation},
  author = {Budker, D. and Kimball, D. F. and Rochester, S. M. and Yashchuk, V. V. and Zolotorev, M.},
  journal = {Phys. Rev. A},
  volume = {62},
  issue = {4},
  pages = {043403},
  numpages = {7},
  year = {2000},
  month = {Sep},
  publisher = {American Physical Society},
  doi = {10.1103/PhysRevA.62.043403},
  url = {https://link.aps.org/doi/10.1103/PhysRevA.62.043403}
}
@article{gawlikoptical,
  title={Optical Atomic Magnetometry--the Most Sensitive Magnetic Fields Measurements},
  author={Gawlik, Wojciech and Pustelny, Szymon}
}
@article{PhysRevLett.6.280,
  title = {Optically Driven Spin Precession},
  author = {Bell, William E. and Bloom, Arnold L.},
  journal = {Phys. Rev. Lett.},
  volume = {6},
  issue = {6},
  pages = {280--281},
  numpages = {0},
  year = {1961},
  month = {Mar},
  publisher = {American Physical Society},
  doi = {10.1103/PhysRevLett.6.280},
  url = {https://link.aps.org/doi/10.1103/PhysRevLett.6.280}
}
 @MISC{doe:website2,
      AUTHOR = " T. Andalib, J.W. Martin",
      TITLE = " Allan Deviation: Denition and Theoretical Forms",
      year = "2016"     
} 
@book{Philip2008,
  title={Building Electro-optical  System: Making it all Work},
  author={Philip C.D. Hobbs},
  isbn={9780470402290},
  year={2008},
  publisher={John Wiley & Sons, Inc.}
}
@article{doi:10.1063/1.3236649,
author = {Seltzer,S. J.  and Romalis,M. V. },
title = {High-temperature alkali vapor cells with antirelaxation surface coatings},
journal = {Journal of Applied Physics},
volume = {106},
number = {11},
pages = {114905},
year = {2009},
doi = {10.1063/1.3236649},
 
}
@BOOK{principles,
  TITLE = {Building Electro-Optical Systems},
  SUBTITLE = {Making It ALL Work},
  AUTHOR = {Hobbs, Philip C. D.},
  YEAR = {2008},
  ISBN = {9780470402290},
  PUBLISHER = {Wiley},
}
@article{doi:10.1063/1.2713433,
author = {Thiel,F.  and Schnabel,A.  and Knappe-Grüneberg,S.  and Stollfuß,D.  and Burghoff,M. },
title = {Demagnetization of magnetically shielded rooms},
journal = {Review of Scientific Instruments},
volume = {78},
number = {3},
pages = {035106},
year = {2007},
doi = {10.1063/1.2713433},
}



